/Users/ChingYaoYang/Google Drive/thesis.bib